<?xml version="1.0" encoding="UTF-8"?><collection><record><leader>07222ntm a2200745 a 4500</leader><controlfield tag="001">006768013</controlfield><controlfield tag="003">MiAaHDL</controlfield><controlfield tag="005">20190719000000.0</controlfield><controlfield tag="006">m        d        </controlfield><controlfield tag="007">cr bn ---auaua</controlfield><controlfield tag="008">090504q14731474xx            00| ||ara d</controlfield><datafield tag="035" ind1=" " ind2=" "><subfield code="a">(MiU)006768013</subfield></datafield><datafield tag="035" ind1=" " ind2=" "><subfield code="a">sdr-miu006768013</subfield></datafield><datafield tag="040" ind1=" " ind2=" "><subfield code="a">MiU</subfield><subfield code="c">MiU</subfield><subfield code="e">amremm</subfield></datafield><datafield tag="043" ind1=" " ind2=" "><subfield code="a">n-us-mi</subfield></datafield><datafield tag="100" ind1="1" ind2=" "><subfield code="6">880-01</subfield><subfield code="a">Qāḍīʹzādah, Mūsá ibn Muḥammad,</subfield><subfield code="d">-approximately 1436.</subfield></datafield><datafield tag="245" ind1="1" ind2="0"><subfield code="6">880-02</subfield><subfield code="a">[Sharḥ al-Jighmīnī ... etc.,</subfield><subfield code="f">ca. 878, i.e. 1473 or 1474].</subfield></datafield><datafield tag="246" ind1="3" ind2=" "><subfield code="a">شرح الملخص في الهيئة</subfield></datafield><datafield tag="246" ind1="3" ind2=" "><subfield code="i">Edge title (head):</subfield><subfield code="a">قاضى زاده</subfield></datafield><datafield tag="260" ind1=" " ind2=" "><subfield code="c">[1473 or 1474]</subfield></datafield><datafield tag="300" ind1=" " ind2=" "><subfield code="a">100 leaves :</subfield><subfield code="b">paper ;</subfield><subfield code="c">182 x 136 (125-131 x 83) mm. bound to 182 x 138 mm.</subfield></datafield><datafield tag="500" ind1=" " ind2=" "><subfield code="a">Shelfmark: Ann Arbor, University of Michigan, Special Collections Library, Isl. Ms. 120</subfield></datafield><datafield tag="500" ind1=" " ind2=" "><subfield code="a">Origin: As appears on p.201, transcription of Sharḥ ashkāl al-taʼsīs likely completed in 878 [1473 or 4]. Paper throughout certainly suggests 15th century.</subfield></datafield><datafield tag="500" ind1=" " ind2=" "><subfield code="a">Accompanying materials: Several inserted slips wtih notes, geometric diagrams, etc. (paginated pp.169-170, pp.171-172, pp.181-182, pp.183-184, pp.195-196, pp.217-218).</subfield></datafield><datafield tag="500" ind1=" " ind2=" "><subfield code="a">Former shelfmark: British Museum, London "No. 148. Al-Mulakhkhas &amp; Ashkal al-tasis." ; "٤٤٨" on tail edge.</subfield></datafield><datafield tag="500" ind1=" " ind2=" "><subfield code="a">Binding: Pasteboards covered in dark brown leather (interesting grain) ; perhaps Type II binding (with flap, though now lost [?]) ; board linings in laid paper over marbled paper ; upper and lower covers bear blind-stamped, scalloped mandorla filled with floral vegetal composition (compare Déroche class. OSv 1) ; sewn mainly in blue thread, two stations, with repaired sections in white thread, four stations ; worked endbands in light blue, in very poor condition and nearly lost ; overall in poor condition with flap entirely lost [?], severe moisture damage, much abrasion, staining, lifting and losses of leather, delamination of boards, etc. ; repair to spine in red leather ; ill-fitting and perhaps not original to codex.</subfield></datafield><datafield tag="500" ind1=" " ind2=" "><subfield code="a">Support: non-European laid paper with 20 laid lines in 22-23 mm. (vertical) ; chain lines (horizontal) grouped in threes with 9-12 mm. between the chains and 47-48 between the groups ; staining and severe moisture damage (often obscuring text) ; occasional repairs.</subfield></datafield><datafield tag="500" ind1=" " ind2=" "><subfield code="a">Decoration: Keywords, abbreviations, and some notabilia (side-heads) rubricated ; textual dividers in the form of inverted commas and overlining in red ink ; numerous diagrams mainly in red ink.</subfield></datafield><datafield tag="500" ind1=" " ind2=" "><subfield code="a">Script: Nastaʻlīq (talik) and naskh ; several hands ; first work supplied in a nastaʻlīq, sparsely pointed, virtually serifless and freely ligatured, with mainly closed counters, effect of words descending to baseline, and elongation of horizontal strokes ; Sharḥ Ashkāl al-taʼsīs in naskh with influence of nastaʻlīq, virtually serifless.</subfield></datafield><datafield tag="500" ind1=" " ind2=" "><subfield code="a">Layout: Written in 19-25 lines per page ; frame-ruled.</subfield></datafield><datafield tag="500" ind1=" " ind2=" "><subfield code="a">Collation: i, 6 V(60), IV-2 (66), III-2 (70), 2 V(90), II (94), III (100), i ; chiefly quinions ; catchwords present (occasionally lacking) ; pagination in pencil, Western numerals, supplied during digitization (includes inserts and flyleaves ; skips from p.184 to p.187).</subfield></datafield><datafield tag="500" ind1=" " ind2=" "><subfield code="a">Incipit: "الحمد لله الذي جعل الشمس ضياء والقمر نورا ... وبعد فلا اقسم بمواقع النجوم ... الحمد هو الثناء باللسان على الجميل ..."</subfield></datafield><datafield tag="500" ind1=" " ind2=" "><subfield code="a">Title supplied by cataloguer.</subfield></datafield><datafield tag="500" ind1=" " ind2=" "><subfield code="a">Ms. codex.</subfield></datafield><datafield tag="505" ind1="0" ind2=" "><subfield code="a">8. p.203-p.215 : Matn Ashkāl al-taʼsīs / Muḥammad ibn Ashraf al-Samarqandī.</subfield></datafield><datafield tag="505" ind1="0" ind2=" "><subfield code="a">7. p.202 : [originally blank, now carries diagram, etc.].</subfield></datafield><datafield tag="505" ind1="0" ind2=" "><subfield code="a">6. p.143-201 : [Sharḥ Ashkāl al-taʼsīs fī ʻilm al-handasah] / Qāḍīʹzādah.</subfield></datafield><datafield tag="505" ind1="0" ind2=" "><subfield code="a">5. p.140-p.142 : [blank].</subfield></datafield><datafield tag="505" ind1="0" ind2=" "><subfield code="a">4. p.136-p.139 : [brief treatise].</subfield></datafield><datafield tag="505" ind1="0" ind2=" "><subfield code="a">3. p.133-135 : [blank].</subfield></datafield><datafield tag="505" ind1="0" ind2=" "><subfield code="a">2. p.129-p.132 : [assorted tables (jadāwil)].</subfield></datafield><datafield tag="505" ind1="0" ind2=" "><subfield code="a">1. p.4-p.128 : Sharḥ al-Jighmīnī / Qāḍīʹzādah.</subfield></datafield><datafield tag="510" ind1="4" ind2=" "><subfield code="a">Bohloul, Hamid and Sonja Brentjes. "The Moon in the Sciences." In The Moon: A Voyage Through Time, edited by Christiane Gruber (Toronto: Aga Khan Museum, 2019): 22-28,</subfield><subfield code="c">p.25, 132-33 (Cat. no. 27), 134-35 (Cat. no. 28)</subfield></datafield><datafield tag="510" ind1="4" ind2=" "><subfield code="a">Brockelmann, C. GAL,</subfield><subfield code="c">I 468 ; S I 850</subfield></datafield><datafield tag="510" ind1="4" ind2=" "><subfield code="a">Brockelmann, C. GAL,</subfield><subfield code="c">I, 473 : 5/1, cmtre 1 ; S I, 865 : 5/1, cmtre 1a</subfield></datafield><datafield tag="510" ind1="4" ind2=" "><subfield code="a">Brockelmann, C. GAL,</subfield><subfield code="c">II 212</subfield></datafield><datafield tag="520" ind1="8" ind2=" "><subfield code="a">Fine copy of two commentaries by Mūsá ibn Muḥammad Qāḍīʼzādah al-Rūmī (d. ca. 1436), the first on Maḥmūd ibn Muḥammad al-Jaghmīnī's (d. 1221?) al-Mulakhkhaṣ fī al-hayʼah on astronomy and the latter on Ashkāl al-taʼsīs, selected theorems from Euclid's Elements by Shams al-Dīn Muḥammad ibn Ashraf al-Samarqandī (13th cent.). Accompanied by assorted astronomical tables, another brief treatise, and the matn of al-Samarqandī's Ashkāl al-taʼsīs.</subfield></datafield><datafield tag="538" ind1=" " ind2=" "><subfield code="a">Mode of access: Internet.</subfield></datafield><datafield tag="541" ind1=" " ind2=" "><subfield code="c">Purchase ;</subfield><subfield code="a">Acquired by purchase (funds donated by Horace Rackham).</subfield><subfield code="d">1924.</subfield></datafield><datafield tag="546" ind1=" " ind2=" "><subfield code="a">Arabic.</subfield></datafield><datafield tag="561" ind1=" " ind2=" "><subfield code="a">Bookplate of British Museum, London on interior of upper cover, "British Museum, London. No. 148. Al-Mulakhkhas &amp; Ashkal al-tasis." ; circular seal impression with figure of goat/gazelle in purple ink as well as inscription "456" in Western numerals on front flyleaf (p.1) ; book price on front flyleaf (p.1) ; circular waqf-seal impression in black ink appears on 'title page' (p.3) and several places throughout, reads: "هذا وقف الراجي فيض الصمدي الشيخ احمد ضيا الدين ابن مصطفى الخالدي فمن بدله بعد ما سمعه فانما اثمه على الذين يبدلونه" in name of Aḥmad Ḍiyāʼ al-Dīn ibn Muṣṭafá al-Khālidī (i.e. Ahmed Ziyâüddîn Gümüşhanevî, d. 1893 or 4) ; extensive marginal glosses and occasional corrections.</subfield></datafield><datafield tag="600" ind1="0" ind2="0"><subfield code="a">Euclid.</subfield><subfield code="t">Elements.</subfield></datafield><datafield tag="600" ind1="1" ind2="0"><subfield code="a">Samarqandī, Muḥammad ibn Ashraf,</subfield><subfield code="d">active 13th century.</subfield><subfield code="t">Ashkāl al-taʼsīs.</subfield></datafield><datafield tag="600" ind1="1" ind2="0"><subfield code="a">Jighmīnī, Maḥmūd ibn Muḥammad,</subfield><subfield code="d">-1221?</subfield><subfield code="t">Mulakhkhaṣ fī al-hayʼah.</subfield></datafield><datafield tag="650" ind1=" " ind2="0"><subfield code="a">Manuscripts, Arabic</subfield><subfield code="z">Michigan</subfield><subfield code="z">Ann Arbor.</subfield></datafield><datafield tag="650" ind1=" " ind2="0"><subfield code="a">Geometry</subfield><subfield code="v">Early works to 1800.</subfield></datafield><datafield tag="650" ind1=" " ind2="0"><subfield code="a">Mathematics, Arab</subfield><subfield code="v">Early works to 1800.</subfield></datafield><datafield tag="650" ind1=" " ind2="0"><subfield code="a">Astronomy, Arab</subfield><subfield code="v">Early works to 1800.</subfield></datafield><datafield tag="700" ind1="1" ind2="2"><subfield code="6">880-06</subfield><subfield code="a">Samarqandī, Muḥammad ibn Ashraf,</subfield><subfield code="d">active 13th century.</subfield><subfield code="t">Ashkāl al-taʼsīs.</subfield></datafield><datafield tag="700" ind1="1" ind2="2"><subfield code="6">880-05</subfield><subfield code="a">Qāḍīʹzādah, Mūsá ibn Muḥammad,</subfield><subfield code="d">-approximately 1436.</subfield><subfield code="t">Sharḥ Ashkāl al-taʼsīs fī ʻilm al-handasah.</subfield></datafield><datafield tag="773" ind1="0" ind2=" "><subfield code="a">Tiflis Collection.</subfield></datafield><datafield tag="880" ind1="1" ind2="2"><subfield code="6">700-06/</subfield><subfield code="a">سمرقندي، محمد بن اشرف.</subfield><subfield code="t">أشكال التأسيس.</subfield></datafield><datafield tag="880" ind1="1" ind2="2"><subfield code="6">700-05/</subfield><subfield code="a">قاضى زاده، موسى بن محمد.</subfield><subfield code="t">شرح اشكال التأسيس في علم الهندسة.</subfield></datafield><datafield tag="880" ind1="1" ind2="0"><subfield code="6">245-02/</subfield><subfield code="a">[شرح الجغميني ... الخ,</subfield><subfield code="f">ح 878ه، 1473 أو 1474م].</subfield></datafield><datafield tag="880" ind1="1" ind2=" "><subfield code="6">100-01/</subfield><subfield code="a">قاضى زاده، موسى بن محمد.</subfield></datafield><datafield tag="CID" ind1=" " ind2=" "><subfield code="a">006768013</subfield></datafield><datafield tag="DAT" ind1="0" ind2=" "><subfield code="a">20190719102635.0</subfield><subfield code="b">20190719000000.0</subfield></datafield><datafield tag="DAT" ind1="1" ind2=" "><subfield code="a">20190719090653.0</subfield><subfield code="b">2019-07-19T16:11:20Z</subfield></datafield><datafield tag="DAT" ind1="2" ind2=" "><subfield code="a">2015-10-02T18:00:03Z</subfield></datafield><datafield tag="CAT" ind1=" " ind2=" "><subfield code="a">SDR-MIU</subfield><subfield code="d">EX LIBRIS - ALEPH</subfield><subfield code="l">prepare.pl-004-008</subfield></datafield><datafield tag="FMT" ind1=" " ind2=" "><subfield code="a">BK</subfield></datafield><datafield tag="HOL" ind1=" " ind2=" "><subfield code="0">sdr-miu006768013</subfield><subfield code="a">MiU</subfield><subfield code="b">SDR</subfield><subfield code="c">MIU</subfield><subfield code="p">mdp.39015079125368</subfield><subfield code="s">MIU</subfield><subfield code="1">006768013</subfield></datafield><datafield tag="974" ind1=" " ind2=" "><subfield code="b">MIU</subfield><subfield code="c">MIU</subfield><subfield code="d">20190719</subfield><subfield code="s">lit-dlps-dc</subfield><subfield code="u">mdp.39015079125368</subfield><subfield code="y">1474</subfield><subfield code="r">pd</subfield><subfield code="q">bib</subfield><subfield code="t">non-US bib date2 &lt; 1879</subfield></datafield></record></collection>